2500 4234
559 444 650 531 (a)

124 548 258 613 crarium
286 548 488 613 exauditionis
518 559 578 613 tue
600 569 708 636 preces
734 566 838 625 meas,
864 547 927 613 imd
953 570 1001 612 me
1024 561 1078 612 to·

124 643 196 695 tum
220 630 305 694 trabe
329 634 363 694 iu
391 633 451 695 Cor
484 646 584 696 tuum.
611 634 752 720 Amplids
777 634 844 697 lava
868 644 924 697 'me
946 630 988 693 ab
1012 633 1079 692 ini·

122 716 245 799 quitate
271 735 357 790 mea,
387 716 476 777 utin
497 714 596 777 Corde
625 726 680 778 tuo
703 716 845 779 omnibus
869 714 980 777 diebus
1009 714 1080 775 ritae

121 818 221 874 meae,
256 818 373 861 merear
393 797 541 859 babitare.
569 795 628 861 ad,
642 798 701 861 hoo
722 801 805 863 enirn
827 798 1080 883 perforatum2est
1136 818 1137 829 ι

121 881 208 946 latus
230 892 344 957 tuum,
367 892 403 941 ut
421 878 510 941 nobis
529 891 664 964 patescat
686 881 839 946 introitus.
861 881 914 944 Ad
933 880 993 953 hoc
1014 878 1083 939 iul·
1135 888 1137 953 j

121 974 266 1027 neratum
288 973 335 1024 est
353 961 415 1025 Cor
434 974 541 1040 tuum,
563 964 649 1038 utin
675 961 728 1025 illo
753 963 888 1027 habitare
913 964 1078 1048 possimus.

120 1042 332 1111 Nihilomiuds
363 1057 395 1107 et
424 1044 585 1129 proptered
623 1043 816 1125 vulneratum
849 1056 919 1121 est,
955 1056 992 1106 ut
1024 1064 1080 1127 per·

121 1126 242 1191 vulnus
253 1126 391 1204 visibile,
403 1127 516 1188 vulnus
527 1127 635 1190 amoris
644 1127 800 1189 invisibile
813 1126 979 1189 videamus.
992 1129 1080 1207 Quo·

122 1208 222 1277 modb
245 1207 295 1272 bic
313 1210 403 1272 ardor
419 1210 526 1271 melitis
549 1207 669 1271 ostendi
689 1221 810 1295 potest,
829 1210 891 1270 nisi
909 1208 994 1291 quod
1015 1229 1079 1269 non

122 1294 227 1358 soldm
245 1313 373 1377 corpus,
397 1297 503 1355 verirm
524 1294 616 1356 etiam
631 1293 693 1354 Cor
713 1292 820 1355 lanceei
840 1289 990 1353 vulnerari
1010 1312 1081 1375 per·-

121 1371 237 1441 misit?
267 1376 348 1456 Quis
368 1373 446 1434 illud
468 1373 611 1437 Cor-tim
631 1375 824 1439 vulneratum
851 1394 914 1436 non
944 1369 1079 1455 diligat?

122 1458 208 1538 Quis
230 1456 292 1517 tim
314 1476 442 1532 amans,
462 1476 525 1518 nou
546 1454 710 1521 redamet?
795 1491 800 1501 ·

169 1582 204 1626 tt.
228 1583 256 1626 o.
279 1561 476 1625 Semonibus
499 1563 565 1626 odii
590 1565 952 1640 circumdederamus,
978 1572 1010 1623 et
1020 1582 1078 1624 ex-

146 1657 343 1729 uguaverunt
374 1666 423 1711 me
447 1647 550 1729 gratis.
581 1646 604 1689 '¹
630 1649 690 1711 Pro
709 1670 747 1711 eo
763 1658 799 1709 ut
821 1671 869 1711 me
892 1646 1077 1729 diligerent,

121 1672 333 1793 Retrahebant
366 1726 456 1790 mihi.
483 1729 571 1793 Psal.
604 1728 672 1793 108.
697 1734 730 1794 3.
750 1731 782 1807 4.
806 1754 837 1792 v.
864 1731 933 1813 Ego
949 1730 1023 1789 veni
1045 1738 1078 1793 ut

121 1815 221 1874 vitam
241 1810 398 1884 habeant,
421 1822 453 1872 et
462 1810 670 1877 abundantiis
684 1813 825 1879 habeant.
847 1816 942 1876 Joan.
964 1830 1010 1874 ιο.
1029 1834 1077 1876 ιο.

121 1896 188 1959 Pro
208 1914 247 1955 eo
271 1904 317 1955 ut.
343 1892 456 1955 Gloria.
482 1892 499 1923 *
521 1894 580 1957 Pro
603 1916 642 1957 eo
662 1908 710 1959 ut.
823 1918 826 1927 ’

200 2022 330 2103 Sermo
350 2024 475 2100 Sancti
501 2024 789 2125 Bonarenturae,
809 2027 995 2131 Episcopi,

273 2179 345 2269 De¹
360 2178 520 2255 stimulo
539 2181 692 2279 anrgfis.
714 2207 756 2279 p.
779 2138 819 2256 1.Ι
836 2203 870 2257 c.
891 2180 925 2253 1.
996 2200 1016 2291 Ἰ

450 2324 513 2398 Ln
521 2344 643 2411 cmo
657 2326 706 2429 ¹V
718 2325 752 2395 Ι.

214 2471 336 2533 ΡΔεειο
352 2465 583 2561 desiderffiw’el
609 2471 639 2531 Ο
659 2492 740 2534 mors
763 2470 964 2536 admirabilis!
990 2478 1075 2558 Quid

121 2488 361 2621 Omirabilius
390 2547 480 2635 quirin
503 2551 595 2633 sfflfod
622 2572 709 2614 mors
746 2552 902 2631 vivificet,
948 2558 1075 2621 vulnera

118 2646 257 2707 sanent,
279 2632 400 2714 sanguis
422 2632 526 2695 album
545 2632 653 2709 faciat,
672 2637 787 2720 apertio
802 2636 902 2699 lateris
918 2659 969 2700 cor
982 2642 1075 2717 Cordi

118 2712 323 2804 conjungat?
354 2716 483 2780 Ornors
506 2714 664 2778 amabilis!
698 2716 717 2778 d
748 2739 826 2779 mors
864 2719 1072 2785 delectabilis!

115 2803 194 2868 Non
223 2798 294 2860 volo
318 2798 445 2883 ampliirs
463 2799 480 2859 d
500 2800 575 2860 Iesu
595 2800 734 2883 separari.
771 2801 891 2863 Bonum
919 2816 965 2866 est
991 2810 1073 2881 enim

117 2905 195 2949 cum
221 2883 273 2943 illo
290 2903 355 2944 esse
374 2893 405 2943 et
430 2884 463 2943 in
486 2882 552 2965 ipso
569 2882 639 2943 volo
661 2884 717 2943 tria
738 2882 932 2948 tabernacula
954 2886 1079 2963 facere3‘,

116 2966 271 3031 nnumin
291 2964 455 3039 manibus,
481 2986 576 3027 unum
594 2965 626 3024 in
644 2965 799 3050 pedibus,
826 2967 880 3029 sed
897 2968 981 3030 aliud
1003 2994 1075 3035 con·

115 3052 244 3114 tinuum
264 3049 297 3108 in
316 3047 418 3109 latere.
442 3045 491 3107 lbi
515 3046 621 3129 loquar
643 3048 681 3108 ad
703 3049 763 3111 Cor
783 3047 866 3131 ejus,
888 3062 920 3112 et
942 3052 981 3112 ab
1004 3056 1071 3137 ipso

115 3128 207 3217 quod
230 3129 355 3193 voluero
370 3127 546 3215 impetrabo.
564 3129 616 3197 Sic
632 3130 745 3196 faciens
768 3129 947 3195 duloissimae
970 3140 1072 3198 matris

115 3211 250 3293 vestigia
272 3233 401 3297 sequar,
428 3214 516 3295 cujus
536 3214 665 3274 animam
686 3215 839 3275 Passionis
858 3215 930 3276 Filii
951 3218 1082 3298 gladius

139 3295 323 3361 entransivit.
357 3295 385 3356 0
414 3294 615 3356 amantissima
659 3296 783 3357 vulnera
816 3299 944 3360 Domini
977 3304 1071 3364 nostri

115 3320 195 3442 lesu
220 3375 354 3439 Christi!
384 3378 507 3456 Quanta
532 3376 630 3439 credis
650 3383 779 3441 animam
796 3380 857 3441 frui
880 3379 1071 3456 dulcedine,

120 3482 189 3540 quae
221 3481 277 3543 per
305 3460 356 3521 illa
381 3459 525 3521 foramina
556 3463 754 3545 conjungitur
788 3462 880 3523 Cordi
916 3462 1070 3535 ,obsistit

120 3539 209 3605 Certe
228 3543 394 3627 exprimere
415 3544 474 3607 tibi
490 3563 631 3628 nequeo3
655 3544 709 3608 sed
725 3546 857 3639 experire
874 3548 1008 3611 sisoim.
