<?xml version="1.0" encoding="UTF-8"?>
<!DOCTYPE html PUBLIC "-//W3C//DTD XHTML 1.0 Transitional//EN"
    "http://www.w3.org/TR/xhtml1/DTD/xhtml1-transitional.dtd">
<html xmlns="http://www.w3.org/1999/xhtml" xml:lang="en" lang="en">
 <head>
  <title>
</title>
<meta http-equiv="Content-Type" content="text/html;charset=utf-8" />
  <meta name='ocr-system' content='tesseract 3.04.00' />
  <meta name='ocr-capabilities' content='ocr_page ocr_carea ocr_par ocr_line ocrx_word'/>
</head>
<body>
  <div class='ocr_page' id='page_1' title='image "./breviariumnanne02diocgoog_0697.png"; bbox 0 0 2500 4234; ppageno 0'>
   <div class='ocr_carea' id='block_1_1' title="bbox 566 406 664 491">
    <p class='ocr_par' dir='ltr' id='par_1_1' title="bbox 566 406 664 491">
     <span class='ocr_line' id='line_1_1' title="bbox 566 406 664 491; baseline 0.01 -1"><span class='ocrx_word' id='word_1_1' title='bbox 566 406 664 491; x_wconf 72' lang='lat'><strong>(5)</strong></span> 
     </span>
    </p>
   </div>
   <div class='ocr_carea' id='block_1_2' title="bbox 226 516 843 1013">
    <p class='ocr_par' dir='ltr' id='par_1_2' title="bbox 226 516 843 1013">
     <span class='ocr_line' id='line_1_2' title="bbox 262 516 843 602; baseline -0.002 -19"><span class='ocrx_word' id='word_1_2' title='bbox 262 571 268 575; x_wconf 90' lang='lat'>.</span> <span class='ocrx_word' id='word_1_3' title='bbox 312 516 443 596; x_wconf 73' lang='lat' dir='ltr'><strong>Sonos,</strong></span> <span class='ocrx_word' id='word_1_4' title='bbox 466 516 560 602; x_wconf 87' lang='lat' dir='ltr'><strong>quid,</strong></span> <span class='ocrx_word' id='word_1_5' title='bbox 580 528 672 593; x_wconf 82' lang='lat' dir='ltr'><strong>reus,</strong></span> <span class='ocrx_word' id='word_1_6' title='bbox 693 516 843 582; x_wconf 78' lang='lat' dir='ltr'><strong>moraris?</strong></span> 
     </span>
     <span class='ocr_line' id='line_1_3' title="bbox 355 601 773 681; baseline 0.005 -18"><span class='ocrx_word' id='word_1_7' title='bbox 355 602 417 663; x_wconf 80' lang='lat' dir='ltr'><strong>Hic</strong></span> <span class='ocrx_word' id='word_1_8' title='bbox 438 601 565 665; x_wconf 79' lang='lat' dir='ltr'><strong>thronus</strong></span> <span class='ocrx_word' id='word_1_9' title='bbox 586 601 773 681; x_wconf 74' lang='lat' dir='ltr'><strong>ciemendae3</strong></span> 
     </span>
     <span class='ocr_line' id='line_1_4' title="bbox 226 675 668 750; baseline -0.016 0"><span class='ocrx_word' id='word_1_10' title='bbox 226 696 242 703; x_wconf 83' lang='grc'><em>“</em></span> <span class='ocrx_word' id='word_1_11' title='bbox 269 675 358 750; x_wconf 78' lang='lat' dir='ltr'><strong>Voce</strong></span> <span class='ocrx_word' id='word_1_12' title='bbox 383 678 442 745; x_wconf 84' lang='lat' dir='ltr'><strong>Cor</strong></span> <span class='ocrx_word' id='word_1_13' title='bbox 461 685 536 745; x_wconf 80' lang='lat' dir='ltr'><strong>iesu</strong></span> <span class='ocrx_word' id='word_1_14' title='bbox 556 681 668 745; x_wconf 71' lang='lat' dir='ltr'><strong>diserti</strong></span> 
     </span>
     <span class='ocr_line' id='line_1_5' title="bbox 352 765 691 847; baseline -0.021 -16"><span class='ocrx_word' id='word_1_15' title='bbox 352 765 430 831; x_wconf 80' lang='lat' dir='ltr'><strong>Orat</strong></span> <span class='ocrx_word' id='word_1_16' title='bbox 446 765 691 847; x_wconf 78' lang='lat' dir='ltr'><strong>indulgentiam:</strong></span> 
     </span>
     <span class='ocr_line' id='line_1_6' title="bbox 269 847 739 931; baseline -0.013 -17"><span class='ocrx_word' id='word_1_17' title='bbox 269 848 346 914; x_wconf 78' lang='lat' dir='ltr'><strong>Tela</strong></span> <span class='ocrx_word' id='word_1_18' title='bbox 367 848 463 911; x_wconf 79' lang='lat' dir='ltr'><strong>Natus</strong></span> <span class='ocrx_word' id='word_1_19' title='bbox 486 851 546 931; x_wconf 88' lang='lat' dir='ltr'><strong>jam</strong></span> <span class='ocrx_word' id='word_1_20' title='bbox 567 847 739 908; x_wconf 82' lang='lat' dir='ltr'><strong>vibrantem</strong></span> 
     </span>
     <span class='ocr_line' id='line_1_7' title="bbox 233 932 762 1013; baseline -0.002 -18"><span class='ocrx_word' id='word_1_21' title='bbox 233 949 237 952; x_wconf 86' lang='grc'><em>·</em></span> <span class='ocrx_word' id='word_1_22' title='bbox 352 932 452 995; x_wconf 84' lang='lat' dir='ltr'><strong>Patris</strong></span> <span class='ocrx_word' id='word_1_23' title='bbox 473 941 605 1013; x_wconf 61' lang='lat' dir='ltr'><strong>eiarmat</strong></span> <span class='ocrx_word' id='word_1_24' title='bbox 618 950 762 1011; x_wconf 53' lang='lat' dir='ltr'><strong>manum„</strong></span> 
     </span>
    </p>
   </div>
   <div class='ocr_carea' id='block_1_3' title="bbox 270 1060 903 1536">
    <p class='ocr_par' dir='ltr' id='par_1_3' title="bbox 270 1060 903 1536">
     <span class='ocr_line' id='line_1_8' title="bbox 312 1060 703 1128; baseline -0.01 0"><span class='ocrx_word' id='word_1_25' title='bbox 312 1064 415 1128; x_wconf 71' lang='lat' dir='ltr'><strong>Vm</strong></span> <span class='ocrx_word' id='word_1_26' title='bbox 436 1084 476 1123; x_wconf 91' lang='lat' dir='ltr'><strong>ne</strong></span> <span class='ocrx_word' id='word_1_27' title='bbox 496 1060 573 1123; x_wconf 86' lang='lat' dir='ltr'><strong>fiant</strong></span> <span class='ocrx_word' id='word_1_28' title='bbox 594 1062 703 1124; x_wconf 84' lang='lat' dir='ltr'><strong>amoris</strong></span> 
     </span>
     <span class='ocr_line' id='line_1_9' title="bbox 352 1142 828 1227; baseline -0.004 -20"><span class='ocrx_word' id='word_1_29' title='bbox 352 1147 429 1207; x_wconf 81' lang='lat' dir='ltr'><strong>Tam</strong></span> <span class='ocrx_word' id='word_1_30' title='bbox 455 1142 601 1227; x_wconf 90' lang='lat' dir='ltr'><strong>stupendi</strong></span> <span class='ocrx_word' id='word_1_31' title='bbox 623 1145 771 1227; x_wconf 80' lang='lat' dir='ltr'><strong>pignora,</strong></span> <span class='ocrx_word' id='word_1_32' title='bbox 826 1212 828 1216; x_wconf 22' lang='lat'><strong>¹</strong></span> 
     </span>
     <span class='ocr_line' id='line_1_10' title="bbox 270 1226 860 1304; baseline -0.002 -14"><span class='ocrx_word' id='word_1_33' title='bbox 270 1228 320 1290; x_wconf 80' lang='lat' dir='ltr'><strong>Tu</strong></span> <span class='ocrx_word' id='word_1_34' title='bbox 340 1226 485 1304; x_wconf 86' lang='lat' dir='ltr'><strong>rebellis,</strong></span> <span class='ocrx_word' id='word_1_35' title='bbox 507 1227 645 1302; x_wconf 83' lang='lat' dir='ltr'><strong>Christe3</strong></span> <span class='ocrx_word' id='word_1_36' title='bbox 668 1228 779 1289; x_wconf 85' lang='lat' dir='ltr'><strong>mentis</strong></span> <span class='ocrx_word' id='word_1_37' title='bbox 858 1229 860 1233; x_wconf 76' lang='grc'><strong>’</strong></span> 
     </span>
     <span class='ocr_line' id='line_1_11' title="bbox 350 1310 742 1392; baseline -0.005 -21"><span class='ocrx_word' id='word_1_38' title='bbox 350 1312 471 1392; x_wconf 81' lang='lat' dir='ltr'><strong>Frange</strong></span> <span class='ocrx_word' id='word_1_39' title='bbox 502 1310 742 1373; x_wconf 78' lang='lat' dir='ltr'><strong>contumaciam:</strong></span> 
     </span>
     <span class='ocr_line' id='line_1_12' title="bbox 272 1394 745 1475; baseline -0.004 -22"><span class='ocrx_word' id='word_1_40' title='bbox 272 1394 348 1473; x_wconf 81' lang='lat' dir='ltr'><strong>Quae</strong></span> <span class='ocrx_word' id='word_1_41' title='bbox 372 1404 459 1452; x_wconf 91' lang='lat' dir='ltr'><strong>tuum</strong></span> <span class='ocrx_word' id='word_1_42' title='bbox 476 1396 588 1475; x_wconf 69' lang='lat' dir='ltr'><strong>pectus</strong></span> <span class='ocrx_word' id='word_1_43' title='bbox 607 1394 745 1475; x_wconf 74' lang='lat' dir='ltr'><strong>perurit,</strong></span> 
     </span>
     <span class='ocr_line' id='line_1_13' title="bbox 353 1472 903 1536; baseline 0.007 -3"><span class='ocrx_word' id='word_1_44' title='bbox 353 1475 430 1533; x_wconf 83' lang='lat' dir='ltr'><strong>Urat</strong></span> <span class='ocrx_word' id='word_1_45' title='bbox 451 1484 482 1533; x_wconf 88' lang='lat' dir='ltr'><strong>et</strong></span> <span class='ocrx_word' id='word_1_46' title='bbox 506 1494 562 1535; x_wconf 78' lang='lat' dir='ltr'><strong>nos</strong></span> <span class='ocrx_word' id='word_1_47' title='bbox 583 1474 724 1536; x_wconf 78' lang='lat' dir='ltr'><strong>charitas.</strong></span> <span class='ocrx_word' id='word_1_48' title='bbox 841 1472 848 1483; x_wconf 85' lang='grc'><strong>’</strong></span> <span class='ocrx_word' id='word_1_49' title='bbox 899 1476 903 1483; x_wconf 82' lang='grc'><strong>’</strong></span> 
     </span>
    </p>
   </div>
   <div class='ocr_carea' id='block_1_4' title="bbox 267 1604 890 2086">
    <p class='ocr_par' dir='ltr' id='par_1_4' title="bbox 267 1604 890 2086">
     <span class='ocr_line' id='line_1_14' title="bbox 312 1604 765 1689; baseline -0.002 -22"><span class='ocrx_word' id='word_1_50' title='bbox 312 1604 370 1667; x_wconf 75' lang='lat' dir='ltr'><strong>S1n</strong></span> <span class='ocrx_word' id='word_1_51' title='bbox 393 1607 534 1689; x_wconf 79' lang='lat' dir='ltr'><strong>perennis</strong></span> <span class='ocrx_word' id='word_1_52' title='bbox 559 1604 623 1667; x_wconf 84' lang='lat' dir='ltr'><strong>laus</strong></span> <span class='ocrx_word' id='word_1_53' title='bbox 644 1604 765 1669; x_wconf 86' lang='lat' dir='ltr'><strong>Parenti</strong></span> 
     </span>
     <span class='ocr_line' id='line_1_15' title="bbox 353 1688 702 1765; baseline 0 -18"><span class='ocrx_word' id='word_1_54' title='bbox 353 1689 417 1765; x_wconf 89' lang='lat' dir='ltr'><strong>Qui</strong></span> <span class='ocrx_word' id='word_1_55' title='bbox 443 1689 557 1750; x_wconf 85' lang='lat' dir='ltr'><strong>creavit</strong></span> <span class='ocrx_word' id='word_1_56' title='bbox 579 1688 702 1765; x_wconf 83' lang='lat' dir='ltr'><strong>omnia3</strong></span> 
     </span>
     <span class='ocr_line' id='line_1_16' title="bbox 270 1768 642 1853; baseline 0 -22"><span class='ocrx_word' id='word_1_57' title='bbox 270 1769 413 1853; x_wconf 87' lang='lat' dir='ltr'><strong>Filioque</strong></span> <span class='ocrx_word' id='word_1_58' title='bbox 435 1771 488 1851; x_wconf 91' lang='lat' dir='ltr'><strong>qui</strong></span> <span class='ocrx_word' id='word_1_59' title='bbox 513 1768 642 1831; x_wconf 82' lang='lat' dir='ltr'><strong>redemit</strong></span> 
     </span>
     <span class='ocr_line' id='line_1_17' title="bbox 355 1850 772 1927; baseline -0.005 -14"><span class='ocrx_word' id='word_1_60' title='bbox 355 1854 454 1913; x_wconf 82' lang='lat' dir='ltr'><strong>Morte</strong></span> <span class='ocrx_word' id='word_1_61' title='bbox 484 1874 539 1915; x_wconf 90' lang='lat' dir='ltr'><strong>nos</strong></span> <span class='ocrx_word' id='word_1_62' title='bbox 560 1850 666 1914; x_wconf 79' lang='lat' dir='ltr'><strong>volens</strong></span> <span class='ocrx_word' id='word_1_63' title='bbox 687 1852 772 1927; x_wconf 72' lang='lat' dir='ltr'><strong>sud,</strong></span> 
     </span>
     <span class='ocr_line' id='line_1_18' title="bbox 267 1934 675 2018; baseline -0.005 -19"><span class='ocrx_word' id='word_1_64' title='bbox 267 1935 461 2018; x_wconf 82' lang='lat' dir='ltr'><strong>Flaminique</strong></span> <span class='ocrx_word' id='word_1_65' title='bbox 485 1938 574 2018; x_wconf 85' lang='lat' dir='ltr'><strong>cujus</strong></span> <span class='ocrx_word' id='word_1_66' title='bbox 595 1934 675 1997; x_wconf 86' lang='lat' dir='ltr'><strong>almo</strong></span> 
     </span>
     <span class='ocr_line' id='line_1_19' title="bbox 337 2014 890 2086; baseline -0.002 -7"><span class='ocrx_word' id='word_1_67' title='bbox 337 2019 561 2086; x_wconf 67' lang='lat' dir='ltr'><strong>⁴Confovemur</strong></span> <span class='ocrx_word' id='word_1_68' title='bbox 585 2016 694 2079; x_wconf 83' lang='lat' dir='ltr'><strong>halitu.</strong></span> <span class='ocrx_word' id='word_1_69' title='bbox 780 2014 890 2078; x_wconf 83' lang='lat' dir='ltr'><strong>Amen.</strong></span> 
     </span>
    </p>
   </div>
   <div class='ocr_carea' id='block_1_5' title="bbox 240 2124 940 2252">
    <p class='ocr_par' dir='ltr' id='par_1_5' title="bbox 240 2124 940 2252">
     <span class='ocr_line' id='line_1_20' title="bbox 240 2124 940 2252; baseline -0.001 -3"><span class='ocrx_word' id='word_1_70' title='bbox 240 2177 242 2181; x_wconf 90' lang='lat'>·</span> <span class='ocrx_word' id='word_1_71' title='bbox 355 2173 419 2251; x_wconf 75' lang='lat' dir='ltr'><strong>in</strong></span> <span class='ocrx_word' id='word_1_72' title='bbox 459 2177 495 2250; x_wconf 90' lang='lat'><strong>1.</strong></span> <span class='ocrx_word' id='word_1_73' title='bbox 532 2172 880 2252; x_wconf 73' lang='lat' dir='ltr'><strong>nocuunno.</strong></span> <span class='ocrx_word' id='word_1_74' title='bbox 915 2124 940 2139; x_wconf 74' lang='grc'>”</span> 
     </span>
    </p>
   </div>
   <div class='ocr_carea' id='block_1_6' title="bbox 158 2320 1101 2425">
    <p class='ocr_par' dir='ltr' id='par_1_6' title="bbox 158 2320 1101 2425">
     <span class='ocr_line' id='line_1_21' title="bbox 158 2320 1101 2425; baseline -0.003 -33"><span class='ocrx_word' id='word_1_75' title='bbox 158 2330 201 2392; x_wconf 83' lang='lat' dir='ltr'><strong>ln</strong></span> <span class='ocrx_word' id='word_1_76' title='bbox 227 2330 350 2391; x_wconf 85' lang='lat' dir='ltr'><strong>Psalm.</strong></span> <span class='ocrx_word' id='word_1_77' title='bbox 381 2325 412 2390; x_wconf 88' lang='lat'><strong>8.</strong></span> <span class='ocrx_word' id='word_1_78' title='bbox 445 2328 598 2400; x_wconf 88' lang='lat' dir='ltr'><strong>Domine,</strong></span> <span class='ocrx_word' id='word_1_79' title='bbox 628 2328 780 2385; x_wconf 88' lang='lat' dir='ltr'><strong>Dominus</strong></span> <span class='ocrx_word' id='word_1_80' title='bbox 803 2336 928 2401; x_wconf 84' lang='lat' dir='ltr'><strong>noster,</strong></span> <span class='ocrx_word' id='word_1_81' title='bbox 958 2349 991 2425; x_wconf 69' lang='lat' dir='ltr'><strong>pf</strong></span> <span class='ocrx_word' id='word_1_82' title='bbox 1022 2320 1072 2389; x_wconf 81' lang='lat'><strong>33.</strong></span> <span class='ocrx_word' id='word_1_83' title='bbox 1097 2404 1101 2409; x_wconf 20' lang='grc' dir='ltr'><strong>Δ</strong></span> 
     </span>
    </p>
   </div>
   <div class='ocr_carea' id='block_1_7' title="bbox 137 2428 1097 2677">
    <p class='ocr_par' dir='ltr' id='par_1_7' title="bbox 137 2428 1097 2677">
     <span class='ocr_line' id='line_1_22' title="bbox 179 2428 1097 2513; baseline -0.004 -17"><span class='ocrx_word' id='word_1_84' title='bbox 179 2439 267 2501; x_wconf 85' lang='lat' dir='ltr'><strong>Ant.</strong></span> <span class='ocrx_word' id='word_1_85' title='bbox 288 2432 385 2495; x_wconf 57' lang='lat'><strong>611².</strong></span> <span class='ocrx_word' id='word_1_86' title='bbox 405 2431 512 2494; x_wconf 81' lang='lat' dir='ltr'><strong>Sciens</strong></span> <span class='ocrx_word' id='word_1_87' title='bbox 537 2432 627 2499; x_wconf 78' lang='lat' dir='ltr'><strong>Iesus</strong></span> <span class='ocrx_word' id='word_1_88' title='bbox 645 2430 718 2512; x_wconf 89' lang='lat' dir='ltr'><strong>quia</strong></span> <span class='ocrx_word' id='word_1_89' title='bbox 740 2429 825 2491; x_wconf 88' lang='lat' dir='ltr'><strong>venit</strong></span> <span class='ocrx_word' id='word_1_90' title='bbox 847 2428 922 2491; x_wconf 85' lang='lat' dir='ltr'><strong>horn</strong></span> <span class='ocrx_word' id='word_1_91' title='bbox 943 2434 1028 2513; x_wconf 84' lang='lat' dir='ltr'><strong>ejus,</strong></span> <span class='ocrx_word' id='word_1_92' title='bbox 1061 2445 1097 2493; x_wconf 82' lang='lat' dir='ltr'><strong>ut</strong></span> 
     </span>
     <span class='ocr_line' id='line_1_23' title="bbox 137 2510 1096 2594; baseline -0.006 -14"><span class='ocrx_word' id='word_1_93' title='bbox 137 2525 277 2580; x_wconf 85' lang='lat' dir='ltr'><strong>transeat</strong></span> <span class='ocrx_word' id='word_1_94' title='bbox 306 2530 341 2594; x_wconf 79' lang='lat' dir='ltr'><strong>ex</strong></span> <span class='ocrx_word' id='word_1_95' title='bbox 363 2510 422 2571; x_wconf 89' lang='lat' dir='ltr'><strong>hoo</strong></span> <span class='ocrx_word' id='word_1_96' title='bbox 444 2510 561 2572; x_wconf 88' lang='lat' dir='ltr'><strong>mundo</strong></span> <span class='ocrx_word' id='word_1_97' title='bbox 592 2511 630 2571; x_wconf 90' lang='lat' dir='ltr'><strong>ad</strong></span> <span class='ocrx_word' id='word_1_98' title='bbox 665 2513 805 2583; x_wconf 85' lang='lat' dir='ltr'><strong>Patrem,</strong></span> <span class='ocrx_word' id='word_1_99' title='bbox 840 2513 910 2571; x_wconf 83' lang='lat' dir='ltr'><strong>edm</strong></span> <span class='ocrx_word' id='word_1_100' title='bbox 939 2511 1096 2591; x_wconf 78' lang='lat' dir='ltr'><strong>dilexisset</strong></span> 
     </span>
     <span class='ocr_line' id='line_1_24' title="bbox 137 2592 1095 2677; baseline 0.004 -25"><span class='ocrx_word' id='word_1_101' title='bbox 137 2618 214 2662; x_wconf 76' lang='lat' dir='ltr'><strong>suos</strong></span> <span class='ocrx_word' id='word_1_102' title='bbox 246 2593 301 2677; x_wconf 85' lang='lat' dir='ltr'><strong>qui</strong></span> <span class='ocrx_word' id='word_1_103' title='bbox 339 2604 426 2654; x_wconf 82' lang='lat' dir='ltr'><strong>erant</strong></span> <span class='ocrx_word' id='word_1_104' title='bbox 460 2595 492 2653; x_wconf 90' lang='lat' dir='ltr'><strong>in</strong></span> <span class='ocrx_word' id='word_1_105' title='bbox 530 2594 667 2670; x_wconf 85' lang='lat' dir='ltr'><strong>mundo,</strong></span> <span class='ocrx_word' id='word_1_106' title='bbox 705 2594 737 2655; x_wconf 92' lang='lat' dir='ltr'><strong>in</strong></span> <span class='ocrx_word' id='word_1_107' title='bbox 771 2592 864 2655; x_wconf 85' lang='lat' dir='ltr'><strong>finum</strong></span> <span class='ocrx_word' id='word_1_108' title='bbox 897 2592 1002 2656; x_wconf 86' lang='lat' dir='ltr'><strong>dilexit</strong></span> <span class='ocrx_word' id='word_1_109' title='bbox 1032 2615 1095 2657; x_wconf 75' lang='lat' dir='ltr'><strong>eoS.</strong></span> 
     </span>
    </p>
   </div>
   <div class='ocr_carea' id='block_1_8' title="bbox 136 2674 376 2743">
    <p class='ocr_par' dir='ltr' id='par_1_8' title="bbox 136 2674 376 2743">
     <span class='ocr_line' id='line_1_25' title="bbox 136 2674 376 2743; baseline -0.029 0"><span class='ocrx_word' id='word_1_110' title='bbox 136 2683 236 2743; x_wconf 82' lang='lat' dir='ltr'><strong>Joan.</strong></span> <span class='ocrx_word' id='word_1_111' title='bbox 268 2674 316 2739; x_wconf 77' lang='lat'><strong>15.</strong></span> <span class='ocrx_word' id='word_1_112' title='bbox 347 2694 376 2736; x_wconf 91' lang='lat'><strong>1.</strong></span> 
     </span>
    </p>
   </div>
   <div class='ocr_carea' id='block_1_9' title="bbox 141 2782 1094 2944">
    <p class='ocr_par' dir='ltr' id='par_1_9' title="bbox 141 2782 1094 2944">
     <span class='ocr_line' id='line_1_26' title="bbox 183 2782 1094 2867; baseline -0.002 -22"><span class='ocrx_word' id='word_1_113' title='bbox 183 2783 227 2845; x_wconf 86' lang='lat' dir='ltr'><strong>In</strong></span> <span class='ocrx_word' id='word_1_114' title='bbox 255 2783 372 2844; x_wconf 84' lang='lat' dir='ltr'><strong>Psalm.</strong></span> <span class='ocrx_word' id='word_1_115' title='bbox 394 2802 445 2845; x_wconf 79' lang='lat' dir='ltr'><strong>aa.</strong></span> <span class='ocrx_word' id='word_1_116' title='bbox 476 2783 627 2845; x_wconf 83' lang='lat' dir='ltr'><strong>Dominus</strong></span> <span class='ocrx_word' id='word_1_117' title='bbox 648 2785 727 2867; x_wconf 81' lang='lat' dir='ltr'><strong>regit</strong></span> <span class='ocrx_word' id='word_1_118' title='bbox 749 2804 821 2860; x_wconf 89' lang='lat' dir='ltr'><strong>me,</strong></span> <span class='ocrx_word' id='word_1_119' title='bbox 852 2796 883 2847; x_wconf 85' lang='lat' dir='ltr'><strong>et</strong></span> <span class='ocrx_word' id='word_1_120' title='bbox 911 2782 991 2846; x_wconf 89' lang='lat' dir='ltr'><strong>nihil</strong></span> <span class='ocrx_word' id='word_1_121' title='bbox 1017 2782 1094 2846; x_wconf 80' lang='lat' dir='ltr'><strong>mihi</strong></span> 
     </span>
     <span class='ocr_line' id='line_1_27' title="bbox 141 2860 906 2944; baseline -0.004 -17"><span class='ocrx_word' id='word_1_122' title='bbox 141 2866 254 2929; x_wconf 86' lang='lat' dir='ltr'><strong>deerit.</strong></span> <span class='ocrx_word' id='word_1_123' title='bbox 278 2888 312 2944; x_wconf 85' lang='lat' dir='ltr'><strong>p.</strong></span> <span class='ocrx_word' id='word_1_124' title='bbox 345 2860 413 2927; x_wconf 83' lang='lat'><strong>105.</strong></span> <span class='ocrx_word' id='word_1_125' title='bbox 902 2902 906 2908; x_wconf 95' lang='lat'><em>-</em></span> 
     </span>
    </p>
   </div>
   <div class='ocr_carea' id='block_1_10' title="bbox 138 2972 1093 3141">
    <p class='ocr_par' dir='ltr' id='par_1_10' title="bbox 138 2972 1093 3141">
     <span class='ocr_line' id='line_1_28' title="bbox 182 2972 1093 3061; baseline 0.002 -27"><span class='ocrx_word' id='word_1_126' title='bbox 182 2973 259 3036; x_wconf 73' lang='lat' dir='ltr'><strong>Ant.</strong></span> <span class='ocrx_word' id='word_1_127' title='bbox 283 2975 314 3035; x_wconf 81' lang='lat'><strong>3.</strong></span> <span class='ocrx_word' id='word_1_128' title='bbox 334 2995 362 3035; x_wconf 85' lang='lat' dir='ltr'><strong>a.</strong></span> <span class='ocrx_word' id='word_1_129' title='bbox 379 2974 416 3034; x_wconf 91' lang='lat' dir='ltr'><strong>In</strong></span> <span class='ocrx_word' id='word_1_130' title='bbox 427 2972 667 3036; x_wconf 71' lang='lat' dir='ltr'><strong>dilectione-sui</strong></span> <span class='ocrx_word' id='word_1_131' title='bbox 689 2985 719 3037; x_wconf 89' lang='lat' dir='ltr'><strong>et</strong></span> <span class='ocrx_word' id='word_1_132' title='bbox 736 2974 940 3059; x_wconf 66' lang='lat' dir='ltr'><strong>indulgentie</strong></span> <span class='ocrx_word' id='word_1_133' title='bbox 956 2974 1010 3036; x_wconf 70' lang='lat' dir='ltr'><strong>sui</strong></span> <span class='ocrx_word' id='word_1_134' title='bbox 1028 2974 1093 3061; x_wconf 76' lang='lat' dir='ltr'><strong>ipse</strong></span> 
     </span>
     <span class='ocr_line' id='line_1_29' title="bbox 138 3056 1091 3141; baseline -0.005 -21"><span class='ocrx_word' id='word_1_135' title='bbox 138 3057 272 3123; x_wconf 88' lang='lat' dir='ltr'><strong>redemit</strong></span> <span class='ocrx_word' id='word_1_136' title='bbox 287 3076 356 3133; x_wconf 89' lang='lat' dir='ltr'><strong>eos,</strong></span> <span class='ocrx_word' id='word_1_137' title='bbox 373 3068 404 3118; x_wconf 89' lang='lat' dir='ltr'><strong>et</strong></span> <span class='ocrx_word' id='word_1_138' title='bbox 428 3060 560 3140; x_wconf 83' lang='lat' dir='ltr'><strong>portavit</strong></span> <span class='ocrx_word' id='word_1_139' title='bbox 578 3078 650 3134; x_wconf 87' lang='lat' dir='ltr'><strong>eos,</strong></span> <span class='ocrx_word' id='word_1_140' title='bbox 672 3070 704 3118; x_wconf 82' lang='lat' dir='ltr'><strong>et</strong></span> <span class='ocrx_word' id='word_1_141' title='bbox 714 3056 844 3119; x_wconf 83' lang='lat' dir='ltr'><strong>elevavit</strong></span> <span class='ocrx_word' id='word_1_142' title='bbox 855 3079 918 3120; x_wconf 92' lang='lat' dir='ltr'><strong>eos.</strong></span> <span class='ocrx_word' id='word_1_143' title='bbox 936 3057 981 3141; x_wconf 25' lang='lat' dir='ltr'><strong>Is..</strong></span> <span class='ocrx_word' id='word_1_144' title='bbox 996 3058 1046 3120; x_wconf 83' lang='lat'><strong>63.</strong></span> <span class='ocrx_word' id='word_1_145' title='bbox 1060 3076 1091 3139; x_wconf 79' lang='grc'><strong>9.</strong></span> 
     </span>
    </p>
   </div>
   <div class='ocr_carea' id='block_1_11' title="bbox 136 3163 1092 3438">
    <p class='ocr_par' dir='ltr' id='par_1_11' title="bbox 136 3163 1092 3438">
     <span class='ocr_line' id='line_1_30' title="bbox 181 3163 1092 3251; baseline 0.002 -26"><span class='ocrx_word' id='word_1_146' title='bbox 181 3163 225 3225; x_wconf 84' lang='lat' dir='ltr'><strong>In</strong></span> <span class='ocrx_word' id='word_1_147' title='bbox 249 3164 366 3227; x_wconf 82' lang='lat' dir='ltr'><strong>Psalm.</strong></span> <span class='ocrx_word' id='word_1_148' title='bbox 394 3165 445 3244; x_wconf 80' lang='grc'><strong>64.</strong></span> <span class='ocrx_word' id='word_1_149' title='bbox 468 3166 515 3228; x_wconf 85' lang='lat' dir='ltr'><strong>Te</strong></span> <span class='ocrx_word' id='word_1_150' title='bbox 541 3164 631 3227; x_wconf 90' lang='lat' dir='ltr'><strong>decet</strong></span> <span class='ocrx_word' id='word_1_151' title='bbox 650 3163 782 3251; x_wconf 84' lang='lat' dir='ltr'><strong>hymnus</strong></span> <span class='ocrx_word' id='word_1_152' title='bbox 791 3212 801 3243; x_wconf 93' lang='lat'>‚</span> <span class='ocrx_word' id='word_1_153' title='bbox 829 3166 933 3245; x_wconf 78' lang='lat' dir='ltr'><strong>Deus,</strong></span> <span class='ocrx_word' id='word_1_154' title='bbox 962 3168 995 3227; x_wconf 94' lang='lat' dir='ltr'><strong>in</strong></span> <span class='ocrx_word' id='word_1_155' title='bbox 1017 3168 1092 3230; x_wconf 90' lang='lat' dir='ltr'><strong>Sion</strong></span> 
     </span>
     <span class='ocr_line' id='line_1_31' title="bbox 160 3269 989 3313; baseline 0.007 -6"><span class='ocrx_word' id='word_1_156' title='bbox 160 3269 219 3308; x_wconf 81' lang='lat' dir='ltr'><strong>oc</strong></span> <span class='ocrx_word' id='word_1_157' title='bbox 287 3292 296 3309; x_wconf 87' lang='lat'><strong>.</strong></span> <span class='ocrx_word' id='word_1_158' title='bbox 329 3275 333 3282; x_wconf 50' lang='lat'>*</span> <span class='ocrx_word' id='word_1_159' title='bbox 987 3308 989 3313; x_wconf 91' lang='lat'><em>.</em></span> 
     </span>
     <span class='ocr_line' id='line_1_32' title="bbox 136 3248 1086 3438; baseline -0.001 -23"><span class='ocrx_word' id='word_1_160' title='bbox 136 3269 217 3415; x_wconf 54' lang='lat' dir='ltr'><strong>Ziegt.</strong></span> <span class='ocrx_word' id='word_1_161' title='bbox 240 3248 284 3414; x_wconf 56' lang='lat'><strong>34</strong></span> <span class='ocrx_word' id='word_1_162' title='bbox 294 3355 334 3415; x_wconf 88' lang='lat' dir='ltr'><strong>D.</strong></span> <span class='ocrx_word' id='word_1_163' title='bbox 367 3356 516 3438; x_wconf 77' lang='lat' dir='ltr'><strong>Maiorem</strong></span> <span class='ocrx_word' id='word_1_164' title='bbox 545 3354 603 3417; x_wconf 76' lang='lat' dir='ltr'><strong>hac</strong></span> <span class='ocrx_word' id='word_1_165' title='bbox 630 3353 825 3419; x_wconf 85' lang='lat' dir='ltr'><strong>dilectionem</strong></span> <span class='ocrx_word' id='word_1_166' title='bbox 856 3376 947 3417; x_wconf 88' lang='lat' dir='ltr'><strong>nemo</strong></span> <span class='ocrx_word' id='word_1_167' title='bbox 972 3354 1086 3425; x_wconf 86' lang='lat' dir='ltr'><strong>habet,</strong></span> 
     </span>
    </p>
   </div>
   <div class='ocr_carea' id='block_1_12' title="bbox 137 3436 1086 3581">
    <p class='ocr_par' dir='ltr' id='par_1_12' title="bbox 137 3436 1086 3581">
     <span class='ocr_line' id='line_1_33' title="bbox 137 3436 1086 3581; baseline 0.002 -88"><span class='ocrx_word' id='word_1_168' title='bbox 137 3446 181 3573; x_wconf 46' lang='lat' dir='ltr'><strong>ut,</strong></span> <span class='ocrx_word' id='word_1_169' title='bbox 194 3436 326 3581; x_wconf 51' lang='lat' dir='ltr'><strong>anignam</strong></span> <span class='ocrx_word' id='word_1_170' title='bbox 348 3453 433 3501; x_wconf 84' lang='lat' dir='ltr'><strong>suam</strong></span> <span class='ocrx_word' id='word_1_171' title='bbox 462 3449 558 3523; x_wconf 85' lang='lat' dir='ltr'><strong>ponat</strong></span> <span class='ocrx_word' id='word_1_172' title='bbox 580 3440 648 3523; x_wconf 90' lang='lat' dir='ltr'><strong>quis</strong></span> <span class='ocrx_word' id='word_1_173' title='bbox 670 3460 724 3524; x_wconf 78' lang='lat' dir='ltr'><strong>pro</strong></span> <span class='ocrx_word' id='word_1_174' title='bbox 754 3440 858 3503; x_wconf 86' lang='lat' dir='ltr'><strong>amicis</strong></span> <span class='ocrx_word' id='word_1_175' title='bbox 886 3439 959 3500; x_wconf 84' lang='lat' dir='ltr'><strong>suis.</strong></span> <span class='ocrx_word' id='word_1_176' title='bbox 992 3439 1086 3500; x_wconf 84' lang='lat' dir='ltr'><strong>Joun.</strong></span> 
     </span>
     <span class='ocr_line' id='line_1_34' title="bbox 144 3535 271 3581; baseline 0.047 -6"><span class='ocrx_word' id='word_1_177' title='bbox 144 3535 158 3575; x_wconf 82' lang='grc' dir='ltr'>ι</span> <span class='ocrx_word' id='word_1_178' title='bbox 187 3555 195 3573; x_wconf 82' lang='grc'><strong>.</strong></span> <span class='ocrx_word' id='word_1_179' title='bbox 223 3539 237 3579; x_wconf 91' lang='lat'>1</span> <span class='ocrx_word' id='word_1_180' title='bbox 264 3563 271 3581; x_wconf 94' lang='lat'><strong>.</strong></span> 
     </span>
    </p>
   </div>
   <div class='ocr_carea' id='block_1_13' title="bbox 0 0 1254 4234">
    <p class='ocr_par' dir='ltr' id='par_1_13' title="bbox 0 0 1254 4234">
     <span class='ocr_line' id='line_1_35' title="bbox 0 0 1254 4234; baseline 0 8"><span class='ocrx_word' id='word_1_181' title='bbox 0 0 1254 4234; x_wconf 95' lang='lat' dir='ltr'><strong> </strong></span> 
     </span>
    </p>
   </div>
  </div>
 </body>
</html>
