2500 4234
196 498 231 548 v.
254 481 292 543 ln
315 477 464 543 charitats
483 364 640 561 perpotirie
653 366 745 538 dilexi
771 484 828 551 te,'

198 609 232 653 n.
255 588 331 653 ideo
348 586 454 649 attraxi
473 594 506 646 te
524 584 679 647 miserans.
701 582 820 645 Jerem.
849 576 901 646 51.
928 580 962 645 5.

377 740 441 817 Dc
461 737 614 816 Cantico
634 738 884 817 Canticorum.
987 746 990 751 '

307 888 551 965 Lacrrol.
579 890 675 968 cll
713 916 748 969 ν.
770 892 806 964 1.
828 892 893 969 od.
924 890 963 967 6.

160 1007 258 1169 Eoo
285 1070 344 1170 llos
372 1072 470 1169 campi
489 1068 640 1168 etlilium
665 1068 862 1169 convallium.
894 1068 993 1168 Sicut
1025 1073 1112 1135 lilium

160 1165 242 1297 tt}
261 1152 881 1322 iii?{yllirii'fflri‘iiiiisiiii}
903 1154 1002 1299 {2⁰13ss
1024 1157 1109 1300 tlt?

159 1319 227 1383 soh
250 1321 361 1383 omma
381 1323 463 1383 illius
482 1342 574 1403 quem
605 1318 841 1383 desideraveram
859 1316 948 1383 sedi:
973 1332 1011 1383 et
1033 1321 1110 1383 fruc-

161 1415 211 1464 tus
233 1405 301 1501 ejus
320 1401 417 1464 dulcis
436 1404 554 1486 gutturi
574 1422 653 1465 meo.
676 1401 851 1464 Introduxit
874 1423 924 1464 me
955 1402 992 1462 in
1014 1404 1110 1467 cellam

160 1487 323 1559 vinariam,
361 1485 516 1547 ordinavit
541 1487 573 1545 in
605 1508 655 1547 me
685 1484 874 1547 charitatem.
907 1484 1043 1548 Fulcite
1073 1507 1111 1547 me

160 1567 310 1639 floribus,
350 1570 459 1652 stipate
490 1588 540 1630 me
570 1567 678 1629 malis:
714 1568 788 1651 quia
819 1586 922 1628 amore
969 1567 1110 1653 langueo.

160 1652 252 1713 Laeva
286 1653 350 1733 ejus
381 1651 441 1713 sub
469 1651 570 1735 capite
603 1670 693 1724 mco,
731 1661 763 1713 et
788 1650 910 1713 dextera
932 1648 1021 1712 illius
1051 1673 1110 1712 am·

161 1732 335 1817 plerabitur
359 1755 420 1798 me.

203 1862 238 1905 tt.
251 1846 283 1923 j.
318 1843 383 1908 Vas
412 1841 613 1920 admirabile,
645 1860 721 1927 opus
752 1840 884 1903 Excelsi.
918 1837 936 1867 *
956 1840 996 1901 In
1032 1862 1112 1904 cons·

160 1934 253 2008 pectu
281 1922 397 1985 ardoris
427 1930 495 2009 ejus
517 1929 586 2010 quis
614 1924 725 2009 poterit
751 1925 922 1998 sustinere,
958 1920 1111 1987 fornacem

159 2003 336 2067 custodiens
361 2006 395 2065 in
421 2007 566 2089 operibus
588 2002 732 2071 ardoris?
759 2008 845 2069 Eccl.
868 2002 923 2083 45.
946 2026 980 2068 a.
1009 2030 1046 2072 v.
1070 2008 1111 2089 tg-

158 2108 230 2151 nem
262 2088 333 2146 veni
362 2086 482 2149 mittere
514 2089 547 2147 in
578 2093 706 2151 terram:
735 2100 768 2151 et
801 2089 878 2172 quid
916 2086 1014 2163 voto,
1061 2090 1109 2151 nisi

159 2182 196 2231 ut
218 2167 430 2232 accendatur?
451 2168 526 2232 Luc.
552 2168 601 2232 ra.
624 2170 678 2256 49.
696 2168 714 2202 *
736 2173 771 2233 In
791 2181 973 2256 conspectu.
1000 2171 1106 2234 Gloria.

161 2252 178 2281 ¹
198 2253 235 2313 ln
268 2263 449 2337 conspectu.

308 2384 488 2461 Lacrro
516 2384 581 2460 11.
604 2409 639 2464 c.
667 2387 703 2463 2.
724 2410 760 2463 v.
778 2386 816 2462 8.
830 2388 897 2465 od
913 2386 976 2462 16.

160 2503 272 2638 Vox
303 2568 409 2633 dilecti
439 2570 520 2647 mei3
549 2589 622 2630 ecce
641 2568 699 2631 iste
719 2570 806 2630 venit
829 2567 941 2630 saliens
970 2568 1005 2631 in
1026 2586 1113 2631 mou·

161 2654 269 2731 tibus,
307 2654 480 2716 transiliens
508 2650 620 2713 colloss
657 2652 761 2713 similis
789 2662 835 2712 est
865 2650 1002 2713 dilectus
1030 2671 1112 2715 meus

161 2758 277 2821 cuprea
319 2736 512 2819 hinnuloque
545 2753 726 2813 cervorum3
772 2744 819 2794 en'
855 2734 921 2817 ipse
953 2744 1020 2795 stat
1050 2746 1113 2821 post

161 2822 308 2906 parietem
335 2832 507 2895 nostrum‚.
526 2816 691 2901 respiciens
716 2836 771 2900 per
791 2814 959 2888 fenestras,
991 2838 1069 2900 pros
1092 2818 1113 2863 '-

162 2906 249 2966 ciens
272 2922 328 2987 per
347 2902 510 2965 cancellos.
533 2899 582 2963 En
597 2895 728 2960 dilectus
749 2920 836 2961 meus
860 2899 1000 2985 loquitur
1023 2838 1113 2964 mill.

163 3002 273 3065 surge,
305 3005 454 3069 propera,
488 2982 583 3046 amica
616 3002 706 3059 msa,
744 2980 886 3043 columba
917 3002 1012 3059 mea,
1057 2982 1115 3045 lor·

160 3086 246 3128 mosa
272 3086 360 3138 mea,
389 3080 421 3127 et
441 3069 523 3128 veni.
548 3062 615 3125 lim
635 3065 718 3125 enim
739 3062 834 3135 biems
855 3064 996 3137 transiit,
1021 3066 1135 3143 imber¹

160 3147 238 3206 abiit
251 3156 284 3204 et
302 3149 447 3218 recessit,
483 3149 599 3226 Surge,
635 3148 731 3207 amica
750 3164 838 3220 mea,
863 3146 1007 3231 speciosa
1028 3146 1135 3227 meh}

161 3237 193 3287 et
225 3224 310 3286 aeni.
346 3223 495 3316 Columba
525 3249 593 3288 mea
624 3228 659 3291 in
696 3228 893 3289 foraminibus
923 3240 1053 3313 petra,
1090 3228 1135 3292 in

160 3304 287 3365 caverni
311 3321 465 3375 manentes
504 3308 634 3369 ostende
665 3311 743 3371 mibi
762 3310 870 3371 faciem
889 3324 996 3386 tuam3
1030 3324 1123 3377 sonet

158 3402 218 3440 vox
250 3395 305 3442 tua
329 3382 361 3441 in
393 3382 521 3447 auribus
550 3392 648 3457 ntis:
680 3414 739 3457 vox
767 3392 849 3457 enim
875 3404 930 3455 tna
951 3391 1066 3458 dulcis
1099 3408 1126 3459 el

157 3460 250 3519 facies
273 3472 326 3520 tua
346 3459 467 3552 decora.
