<?xml version="1.0" encoding="UTF-8"?>
<!DOCTYPE html PUBLIC "-//W3C//DTD XHTML 1.0 Transitional//EN"
    "http://www.w3.org/TR/xhtml1/DTD/xhtml1-transitional.dtd">
<html xmlns="http://www.w3.org/1999/xhtml" xml:lang="en" lang="en">
 <head>
  <title>
</title>
<meta http-equiv="Content-Type" content="text/html;charset=utf-8" />
  <meta name='ocr-system' content='tesseract 3.04.00' />
  <meta name='ocr-capabilities' content='ocr_page ocr_carea ocr_par ocr_line ocrx_word'/>
</head>
<body>
  <div class='ocr_page' id='page_1' title='image "./breviariumnanne02diocgoog_0705.png"; bbox 0 0 2500 4234; ppageno 0'>
   <div class='ocr_carea' id='block_1_1' title="bbox 325 421 937 633">
    <p class='ocr_par' dir='ltr' id='par_1_1' title="bbox 325 421 937 633">
     <span class='ocr_line' id='line_1_1' title="bbox 325 421 937 633; baseline -0.013 -21"><span class='ocrx_word' id='word_1_1' title='bbox 325 620 331 631; x_wconf 58' lang='grc'>,</span> <span class='ocrx_word' id='word_1_2' title='bbox 369 531 531 633; x_wconf 55' lang='grc' dir='ltr'><strong>ιΡξιιὶιῃί</strong></span> <span class='ocrx_word' id='word_1_3' title='bbox 541 421 834 630; x_wconf 53' lang='grc' dir='ltr'><strong>ξίςῶἐοιιιίῑιίοα.</strong></span> <span class='ocrx_word' id='word_1_4' title='bbox 922 497 937 559; x_wconf 74' lang='lat' dir='ltr'><em>j</em></span> 
     </span>
    </p>
   </div>
   <div class='ocr_carea' id='block_1_2' title="bbox 117 676 1080 928">
    <p class='ocr_par' dir='ltr' id='par_1_2' title="bbox 117 676 1080 928">
     <span class='ocr_line' id='line_1_2' title="bbox 161 676 1078 765; baseline -0.007 -22"><span class='ocrx_word' id='word_1_5' title='bbox 161 680 243 743; x_wconf 75' lang='lat' dir='ltr'><strong>Ant.</strong></span> <span class='ocrx_word' id='word_1_6' title='bbox 269 702 306 745; x_wconf 63' lang='grc' dir='ltr'><strong>ι.</strong></span> <span class='ocrx_word' id='word_1_7' title='bbox 324 682 366 745; x_wconf 86' lang='grc' dir='ltr'><strong>Ι).</strong></span> <span class='ocrx_word' id='word_1_8' title='bbox 382 681 420 746; x_wconf 85' lang='lat' dir='ltr'><strong>In</strong></span> <span class='ocrx_word' id='word_1_9' title='bbox 439 681 554 745; x_wconf 87' lang='lat' dir='ltr'><strong>lectulo</strong></span> <span class='ocrx_word' id='word_1_10' title='bbox 568 702 638 743; x_wconf 90' lang='lat' dir='ltr'><strong>meo</strong></span> <span class='ocrx_word' id='word_1_11' title='bbox 659 702 712 765; x_wconf 82' lang='lat' dir='ltr'><strong>per</strong></span> <span class='ocrx_word' id='word_1_12' title='bbox 724 691 830 743; x_wconf 84' lang='lat' dir='ltr'><strong>noctes</strong></span> <span class='ocrx_word' id='word_1_13' title='bbox 843 676 969 761; x_wconf 75' lang='lat' dir='ltr'><strong>quesivi</strong></span> <span class='ocrx_word' id='word_1_14' title='bbox 986 695 1078 761; x_wconf 87' lang='lat' dir='ltr'><strong>quem</strong></span> 
     </span>
     <span class='ocr_line' id='line_1_3' title="bbox 117 760 1080 853; baseline -0.002 -30"><span class='ocrx_word' id='word_1_15' title='bbox 117 762 224 847; x_wconf 80' lang='lat' dir='ltr'><strong>diligit</strong></span> <span class='ocrx_word' id='word_1_16' title='bbox 245 766 345 853; x_wconf 74' lang='lat' dir='ltr'><strong>anima</strong></span> <span class='ocrx_word' id='word_1_17' title='bbox 365 787 451 843; x_wconf 84' lang='lat' dir='ltr'><strong>mea;</strong></span> <span class='ocrx_word' id='word_1_18' title='bbox 475 764 601 847; x_wconf 85' lang='lat' dir='ltr'><strong>quaesivi</strong></span> <span class='ocrx_word' id='word_1_19' title='bbox 617 762 702 829; x_wconf 86' lang='lat' dir='ltr'><strong>illum</strong></span> <span class='ocrx_word' id='word_1_20' title='bbox 720 774 752 823; x_wconf 89' lang='lat' dir='ltr'><strong>et</strong></span> <span class='ocrx_word' id='word_1_21' title='bbox 771 784 836 825; x_wconf 90' lang='lat' dir='ltr'><strong>non</strong></span> <span class='ocrx_word' id='word_1_22' title='bbox 864 762 981 825; x_wconf 85' lang='lat' dir='ltr'><strong>inveni.</strong></span> <span class='ocrx_word' id='word_1_23' title='bbox 1006 760 1080 843; x_wconf 41' lang='lat' dir='ltr'><strong>Ego.</strong></span> 
     </span>
     <span class='ocr_line' id='line_1_4' title="bbox 120 844 933 928; baseline 0.001 -22"><span class='ocrx_word' id='word_1_24' title='bbox 120 845 264 925; x_wconf 86' lang='lat' dir='ltr'><strong>dormio,</strong></span> <span class='ocrx_word' id='word_1_25' title='bbox 297 858 328 909; x_wconf 85' lang='lat' dir='ltr'><strong>et</strong></span> <span class='ocrx_word' id='word_1_26' title='bbox 350 868 403 909; x_wconf 85' lang='lat' dir='ltr'><strong>cor</strong></span> <span class='ocrx_word' id='word_1_27' title='bbox 426 868 549 922; x_wconf 90' lang='lat' dir='ltr'><strong>meum,</strong></span> <span class='ocrx_word' id='word_1_28' title='bbox 576 846 706 928; x_wconf 78' lang='lat' dir='ltr'><strong>vigilat..</strong></span> <span class='ocrx_word' id='word_1_29' title='bbox 725 845 815 907; x_wconf 78' lang='lat' dir='ltr'><strong>Cant.</strong></span> <span class='ocrx_word' id='word_1_30' title='bbox 843 844 873 907; x_wconf 82' lang='lat'><strong>3.</strong></span> <span class='ocrx_word' id='word_1_31' title='bbox 904 865 933 907; x_wconf 87' lang='grc' dir='ltr'><strong>ι.</strong></span> 
     </span>
    </p>
   </div>
   <div class='ocr_carea' id='block_1_3' title="bbox 116 974 1088 1148">
    <p class='ocr_par' dir='ltr' id='par_1_3' title="bbox 116 974 1088 1148">
     <span class='ocr_line' id='line_1_5' title="bbox 162 974 1074 1062; baseline -0.004 -23"><span class='ocrx_word' id='word_1_32' title='bbox 162 979 243 1052; x_wconf 70' lang='lat' dir='ltr'><strong>Ant.</strong></span> <span class='ocrx_word' id='word_1_33' title='bbox 268 978 299 1041; x_wconf 84' lang='lat'><strong>8.</strong></span> <span class='ocrx_word' id='word_1_34' title='bbox 323 979 354 1043; x_wconf 91' lang='lat' dir='ltr'><strong>d.</strong></span> <span class='ocrx_word' id='word_1_35' title='bbox 381 977 450 1062; x_wconf 74' lang='lat' dir='ltr'><strong>Ego</strong></span> <span class='ocrx_word' id='word_1_36' title='bbox 478 978 591 1042; x_wconf 81' lang='lat' dir='ltr'><strong>dilecto</strong></span> <span class='ocrx_word' id='word_1_37' title='bbox 613 998 698 1052; x_wconf 91' lang='lat' dir='ltr'><strong>meo,</strong></span> <span class='ocrx_word' id='word_1_38' title='bbox 725 986 755 1039; x_wconf 85' lang='lat' dir='ltr'><strong>et</strong></span> <span class='ocrx_word' id='word_1_39' title='bbox 779 974 888 1037; x_wconf 82' lang='lat' dir='ltr'><strong>adme</strong></span> <span class='ocrx_word' id='word_1_40' title='bbox 912 974 1074 1038; x_wconf 78' lang='lat' dir='ltr'><strong>conversio</strong></span> 
     </span>
     <span class='ocr_line' id='line_1_6' title="bbox 116 1060 1088 1148; baseline -0.009 -22"><span class='ocrx_word' id='word_1_41' title='bbox 116 1068 214 1148; x_wconf 82' lang='lat' dir='ltr'><strong>ejus3</strong></span> <span class='ocrx_word' id='word_1_42' title='bbox 240 1062 334 1139; x_wconf 86' lang='lat' dir='ltr'><strong>veni,</strong></span> <span class='ocrx_word' id='word_1_43' title='bbox 364 1061 476 1124; x_wconf 84' lang='lat' dir='ltr'><strong>dilecte</strong></span> <span class='ocrx_word' id='word_1_44' title='bbox 495 1063 551 1123; x_wconf 75' lang='lat' dir='ltr'><strong>nii.</strong></span> <span class='ocrx_word' id='word_1_45' title='bbox 582 1060 676 1124; x_wconf 84' lang='lat' dir='ltr'><strong><em>Cant.</em></strong></span> <span class='ocrx_word' id='word_1_46' title='bbox 705 1082 735 1145; x_wconf 71' lang='lat'><strong>7,</strong></span> <span class='ocrx_word' id='word_1_47' title='bbox 763 1080 810 1122; x_wconf 85' lang='lat'><strong>10.</strong></span> <span class='ocrx_word' id='word_1_48' title='bbox 838 1078 885 1119; x_wconf 89' lang='grc' dir='ltr'><strong>ιι.</strong></span> <span class='ocrx_word' id='word_1_49' title='bbox 1084 1066 1088 1073; x_wconf 93' lang='grc'><em>“</em></span> 
     </span>
    </p>
   </div>
   <div class='ocr_carea' id='block_1_4' title="bbox 116 1158 1095 1364">
    <p class='ocr_par' dir='ltr' id='par_1_4' title="bbox 116 1158 1095 1364">
     <span class='ocr_line' id='line_1_7' title="bbox 160 1158 1095 1275; baseline -0.006 -19"><span class='ocrx_word' id='word_1_50' title='bbox 160 1194 244 1258; x_wconf 86' lang='lat' dir='ltr'><em>Ant.</em></span> <span class='ocrx_word' id='word_1_51' title='bbox 271 1199 303 1275; x_wconf 76' lang='grc'><strong>4.</strong></span> <span class='ocrx_word' id='word_1_52' title='bbox 328 1196 367 1257; x_wconf 90' lang='grc' dir='ltr'><strong>Ε.</strong></span> <span class='ocrx_word' id='word_1_53' title='bbox 400 1170 540 1256; x_wconf 80' lang='lat' dir='ltr'><strong>Dilectus</strong></span> <span class='ocrx_word' id='word_1_54' title='bbox 562 1214 648 1265; x_wconf 81' lang='lat' dir='ltr'><strong>mens</strong></span> <span class='ocrx_word' id='word_1_55' title='bbox 671 1190 767 1270; x_wconf 83' lang='lat' dir='ltr'><strong>mihi,</strong></span> <span class='ocrx_word' id='word_1_56' title='bbox 790 1203 822 1254; x_wconf 89' lang='lat' dir='ltr'><strong>et</strong></span> <span class='ocrx_word' id='word_1_57' title='bbox 843 1190 903 1273; x_wconf 76' lang='lat' dir='ltr'><strong>ego</strong></span> <span class='ocrx_word' id='word_1_58' title='bbox 926 1189 991 1269; x_wconf 84' lang='lat' dir='ltr'><strong>illi,</strong></span> <span class='ocrx_word' id='word_1_59' title='bbox 1006 1158 1095 1274; x_wconf 52' lang='lat' dir='ltr'><strong>,qni⁸</strong></span> 
     </span>
     <span class='ocr_line' id='line_1_8' title="bbox 116 1272 731 1364; baseline 0 -25"><span class='ocrx_word' id='word_1_60' title='bbox 116 1279 258 1364; x_wconf 81' lang='lat' dir='ltr'><strong>pascitur</strong></span> <span class='ocrx_word' id='word_1_61' title='bbox 281 1272 573 1340; x_wconf 55' lang='lat' dir='ltr'><strong>interlinearis.</strong></span> <span class='ocrx_word' id='word_1_62' title='bbox 595 1298 627 1340; x_wconf 82' lang='lat'><strong>2.</strong></span> <span class='ocrx_word' id='word_1_63' title='bbox 656 1274 704 1339; x_wconf 71' lang='lat'><strong>16·</strong></span> <span class='ocrx_word' id='word_1_64' title='bbox 727 1317 731 1325; x_wconf 92' lang='lat'>·</span> 
     </span>
    </p>
   </div>
   <div class='ocr_carea' id='block_1_5' title="bbox 163 1408 455 1491">
    <p class='ocr_par' dir='ltr' id='par_1_5' title="bbox 163 1408 455 1491">
     <span class='ocr_line' id='line_1_9' title="bbox 163 1408 455 1491; baseline -0.007 -18"><span class='ocrx_word' id='word_1_65' title='bbox 163 1408 251 1473; x_wconf 79' lang='lat' dir='ltr'><strong>Ant.</strong></span> <span class='ocrx_word' id='word_1_66' title='bbox 270 1410 301 1470; x_wconf 82' lang='lat'><strong>3.</strong></span> <span class='ocrx_word' id='word_1_67' title='bbox 324 1430 354 1489; x_wconf 83' lang='lat' dir='ltr'><strong>g.</strong></span> <span class='ocrx_word' id='word_1_68' title='bbox 377 1409 455 1491; x_wconf 82' lang='lat' dir='ltr'><strong>Ego.</strong></span> 
     </span>
    </p>
   </div>
   <div class='ocr_carea' id='block_1_6' title="bbox 221 1544 951 1667">
    <p class='ocr_par' dir='ltr' id='par_1_6' title="bbox 221 1544 951 1667">
     <span class='ocr_line' id='line_1_10' title="bbox 221 1544 951 1667; baseline -0.008 -2"><span class='ocrx_word' id='word_1_69' title='bbox 221 1658 225 1665; x_wconf 87' lang='lat'><em>.</em></span> <span class='ocrx_word' id='word_1_70' title='bbox 257 1544 475 1662; x_wconf 72' lang='lat' dir='ltr'><strong>Cnnmcnn</strong></span> <span class='ocrx_word' id='word_1_71' title='bbox 507 1588 656 1665; x_wconf 68' lang='lat' dir='ltr'><strong>Isim.</strong></span> <span class='ocrx_word' id='word_1_72' title='bbox 696 1612 732 1667; x_wconf 81' lang='lat' dir='ltr'><strong>o.</strong></span> <span class='ocrx_word' id='word_1_73' title='bbox 763 1588 823 1665; x_wconf 75' lang='lat'><strong>12.</strong></span> <span class='ocrx_word' id='word_1_74' title='bbox 852 1612 887 1663; x_wconf 78' lang='lat' dir='ltr'><strong>v.</strong></span> <span class='ocrx_word' id='word_1_75' title='bbox 914 1588 951 1660; x_wconf 91' lang='lat'><strong>1.</strong></span> 
     </span>
    </p>
   </div>
   <div class='ocr_carea' id='block_1_7' title="bbox 120 1732 1096 3086">
    <p class='ocr_par' dir='ltr' id='par_1_7' title="bbox 121 1732 1076 1952">
     <span class='ocr_line' id='line_1_11' title="bbox 122 1732 1076 1878; baseline -0.004 -21"><span class='ocrx_word' id='word_1_76' title='bbox 122 1732 369 1866; x_wconf 74' lang='lat' dir='ltr'><strong>Connvnnon</strong></span> <span class='ocrx_word' id='word_1_77' title='bbox 383 1794 460 1869; x_wconf 89' lang='lat' dir='ltr'><strong>tibi,</strong></span> <span class='ocrx_word' id='word_1_78' title='bbox 485 1795 637 1870; x_wconf 86' lang='lat' dir='ltr'><strong>Domine,</strong></span> <span class='ocrx_word' id='word_1_79' title='bbox 654 1794 800 1878; x_wconf 86' lang='lat' dir='ltr'><strong>quoniam</strong></span> <span class='ocrx_word' id='word_1_80' title='bbox 820 1796 914 1878; x_wconf 71' lang='lat' dir='ltr'><strong>iratos</strong></span> <span class='ocrx_word' id='word_1_81' title='bbox 930 1814 963 1855; x_wconf 84' lang='lat' dir='ltr'><strong>es</strong></span> <span class='ocrx_word' id='word_1_82' title='bbox 981 1790 1076 1855; x_wconf 85' lang='lat' dir='ltr'><strong>mihi:</strong></span> 
     </span>
     <span class='ocr_line' id='line_1_12' title="bbox 121 1877 994 1952; baseline -0.003 -12"><span class='ocrx_word' id='word_1_83' title='bbox 121 1880 140 1910; x_wconf 86' lang='lat'>*</span> <span class='ocrx_word' id='word_1_84' title='bbox 169 1897 334 1941; x_wconf 84' lang='lat' dir='ltr'><strong>conversus</strong></span> <span class='ocrx_word' id='word_1_85' title='bbox 356 1889 403 1939; x_wconf 89' lang='lat' dir='ltr'><strong>est</strong></span> <span class='ocrx_word' id='word_1_86' title='bbox 422 1877 507 1939; x_wconf 85' lang='lat' dir='ltr'><strong>furor</strong></span> <span class='ocrx_word' id='word_1_87' title='bbox 528 1888 623 1952; x_wconf 65' lang='lat' dir='ltr'><strong>tuns„</strong></span> <span class='ocrx_word' id='word_1_88' title='bbox 642 1888 675 1939; x_wconf 89' lang='lat' dir='ltr'><strong>et</strong></span> <span class='ocrx_word' id='word_1_89' title='bbox 694 1877 867 1939; x_wconf 77' lang='lat' dir='ltr'><strong>consolatus</strong></span> <span class='ocrx_word' id='word_1_90' title='bbox 885 1898 918 1939; x_wconf 87' lang='lat' dir='ltr'><strong>es</strong></span> <span class='ocrx_word' id='word_1_91' title='bbox 932 1896 994 1939; x_wconf 86' lang='lat' dir='ltr'><strong>me.</strong></span> 
     </span>
    </p>

    <p class='ocr_par' dir='ltr' id='par_1_8' title="bbox 121 1958 1076 2107">
     <span class='ocr_line' id='line_1_13' title="bbox 167 1958 1076 2043; baseline 0 -22"><span class='ocrx_word' id='word_1_92' title='bbox 167 1961 251 2021; x_wconf 89' lang='lat' dir='ltr'><strong>Ecce</strong></span> <span class='ocrx_word' id='word_1_93' title='bbox 283 1961 366 2021; x_wconf 90' lang='lat' dir='ltr'><strong>Dens</strong></span> <span class='ocrx_word' id='word_1_94' title='bbox 392 1960 521 2022; x_wconf 86' lang='lat' dir='ltr'><strong>salvator</strong></span> <span class='ocrx_word' id='word_1_95' title='bbox 544 1979 647 2020; x_wconf 86' lang='lat' dir='ltr'><strong>mens:</strong></span> <span class='ocrx_word' id='word_1_96' title='bbox 679 1958 696 1989; x_wconf 87' lang='lat'><strong>*</strong></span> <span class='ocrx_word' id='word_1_97' title='bbox 722 1958 908 2023; x_wconf 84' lang='lat' dir='ltr'><strong>fiducialiter</strong></span> <span class='ocrx_word' id='word_1_98' title='bbox 929 1978 1018 2043; x_wconf 79' lang='lat' dir='ltr'><strong>egens</strong></span> <span class='ocrx_word' id='word_1_99' title='bbox 1044 1968 1076 2021; x_wconf 85' lang='lat' dir='ltr'><strong>et</strong></span> 
     </span>
     <span class='ocr_line' id='line_1_14' title="bbox 121 2041 339 2107; baseline -0.009 -1"><span class='ocrx_word' id='word_1_100' title='bbox 121 2064 191 2107; x_wconf 92' lang='lat' dir='ltr'><strong>non</strong></span> <span class='ocrx_word' id='word_1_101' title='bbox 215 2041 339 2104; x_wconf 89' lang='lat' dir='ltr'><strong>timebo.</strong></span> 
     </span>
    </p>

    <p class='ocr_par' dir='ltr' id='par_1_9' title="bbox 121 2120 1096 2273">
     <span class='ocr_line' id='line_1_15' title="bbox 169 2120 1096 2202; baseline 0.005 -22"><span class='ocrx_word' id='word_1_102' title='bbox 169 2124 251 2202; x_wconf 85' lang='lat' dir='ltr'><strong>Quia</strong></span> <span class='ocrx_word' id='word_1_103' title='bbox 274 2123 420 2187; x_wconf 83' lang='lat' dir='ltr'><strong>fortitudo</strong></span> <span class='ocrx_word' id='word_1_104' title='bbox 442 2148 530 2202; x_wconf 83' lang='lat' dir='ltr'><strong>mea,</strong></span> <span class='ocrx_word' id='word_1_105' title='bbox 569 2136 600 2187; x_wconf 91' lang='lat' dir='ltr'><strong>et</strong></span> <span class='ocrx_word' id='word_1_106' title='bbox 619 2125 685 2187; x_wconf 87' lang='lat' dir='ltr'><strong>laus</strong></span> <span class='ocrx_word' id='word_1_107' title='bbox 702 2148 769 2189; x_wconf 81' lang='lat' dir='ltr'><strong>mea</strong></span> <span class='ocrx_word' id='word_1_108' title='bbox 794 2126 963 2189; x_wconf 83' lang='lat' dir='ltr'><strong>Dominus:</strong></span> <span class='ocrx_word' id='word_1_109' title='bbox 1001 2120 1017 2154; x_wconf 82' lang='lat'><strong>*</strong></span> <span class='ocrx_word' id='word_1_110' title='bbox 1044 2134 1096 2186; x_wconf 90' lang='lat' dir='ltr'><strong>et.</strong></span> 
     </span>
     <span class='ocr_line' id='line_1_16' title="bbox 121 2206 598 2273; baseline -0.006 -2"><span class='ocrx_word' id='word_1_111' title='bbox 121 2212 225 2271; x_wconf 81' lang='lat' dir='ltr'><strong>factus</strong></span> <span class='ocrx_word' id='word_1_112' title='bbox 246 2219 290 2267; x_wconf 87' lang='lat' dir='ltr'><strong>est</strong></span> <span class='ocrx_word' id='word_1_113' title='bbox 313 2206 387 2272; x_wconf 85' lang='lat' dir='ltr'><strong>mihi</strong></span> <span class='ocrx_word' id='word_1_114' title='bbox 408 2211 438 2268; x_wconf 91' lang='lat' dir='ltr'><strong>in</strong></span> <span class='ocrx_word' id='word_1_115' title='bbox 458 2210 598 2273; x_wconf 86' lang='lat' dir='ltr'><strong>salutem.</strong></span> 
     </span>
    </p>

    <p class='ocr_par' dir='ltr' id='par_1_10' title="bbox 120 2286 1075 2529">
     <span class='ocr_line' id='line_1_17' title="bbox 167 2286 1074 2371; baseline -0.001 -22"><span class='ocrx_word' id='word_1_116' title='bbox 167 2287 320 2349; x_wconf 83' lang='lat' dir='ltr'><strong>Haurietis</strong></span> <span class='ocrx_word' id='word_1_117' title='bbox 346 2311 437 2369; x_wconf 85' lang='lat' dir='ltr'><strong>aquas</strong></span> <span class='ocrx_word' id='word_1_118' title='bbox 463 2296 495 2350; x_wconf 89' lang='lat' dir='ltr'><strong>in</strong></span> <span class='ocrx_word' id='word_1_119' title='bbox 520 2288 633 2371; x_wconf 77' lang='lat' dir='ltr'><strong>gaudio</strong></span> <span class='ocrx_word' id='word_1_120' title='bbox 655 2289 694 2348; x_wconf 88' lang='lat' dir='ltr'><strong>de</strong></span> <span class='ocrx_word' id='word_1_121' title='bbox 721 2288 855 2349; x_wconf 86' lang='lat' dir='ltr'><strong>fontibus</strong></span> <span class='ocrx_word' id='word_1_122' title='bbox 887 2286 1074 2363; x_wconf 76' lang='lat' dir='ltr'><strong>Salvatotis5</strong></span> 
     </span>
     <span class='ocr_line' id='line_1_18' title="bbox 123 2364 1075 2445; baseline -0.003 -14"><span class='ocrx_word' id='word_1_123' title='bbox 123 2374 140 2403; x_wconf 84' lang='lat'><strong>*</strong></span> <span class='ocrx_word' id='word_1_124' title='bbox 164 2382 200 2431; x_wconf 90' lang='lat' dir='ltr'><strong>et</strong></span> <span class='ocrx_word' id='word_1_125' title='bbox 219 2368 324 2432; x_wconf 82' lang='lat' dir='ltr'><strong>dicetis</strong></span> <span class='ocrx_word' id='word_1_126' title='bbox 345 2366 377 2426; x_wconf 78' lang='lat' dir='ltr'><strong>in</strong></span> <span class='ocrx_word' id='word_1_127' title='bbox 402 2371 454 2427; x_wconf 77' lang='lat' dir='ltr'><strong>ills</strong></span> <span class='ocrx_word' id='word_1_128' title='bbox 478 2370 549 2428; x_wconf 87' lang='lat' dir='ltr'><strong>die:</strong></span> <span class='ocrx_word' id='word_1_129' title='bbox 574 2364 765 2429; x_wconf 77' lang='lat' dir='ltr'><strong>confitemini</strong></span> <span class='ocrx_word' id='word_1_130' title='bbox 781 2368 940 2445; x_wconf 87' lang='lat' dir='ltr'><strong>Domino,</strong></span> <span class='ocrx_word' id='word_1_131' title='bbox 975 2380 1007 2431; x_wconf 86' lang='lat' dir='ltr'><strong>et</strong></span> <span class='ocrx_word' id='word_1_132' title='bbox 1028 2371 1075 2429; x_wconf 90' lang='lat' dir='ltr'><strong>in-</strong></span> 
     </span>
     <span class='ocr_line' id='line_1_19' title="bbox 120 2451 464 2529; baseline -0.012 -17"><span class='ocrx_word' id='word_1_133' title='bbox 120 2462 234 2520; x_wconf 76' lang='lat' dir='ltr'><strong>vocate</strong></span> <span class='ocrx_word' id='word_1_134' title='bbox 253 2470 364 2509; x_wconf 88' lang='lat' dir='ltr'><strong>nomen</strong></span> <span class='ocrx_word' id='word_1_135' title='bbox 387 2451 464 2529; x_wconf 87' lang='lat' dir='ltr'><strong>ejus.</strong></span> 
     </span>
    </p>

    <p class='ocr_par' dir='ltr' id='par_1_11' title="bbox 120 2527 1072 2697">
     <span class='ocr_line' id='line_1_20' title="bbox 167 2527 1072 2615; baseline -0.002 -20"><span class='ocrx_word' id='word_1_136' title='bbox 167 2532 260 2595; x_wconf 80' lang='lat' dir='ltr'><strong>Notas</strong></span> <span class='ocrx_word' id='word_1_137' title='bbox 278 2532 367 2591; x_wconf 82' lang='lat' dir='ltr'><strong>facite</strong></span> <span class='ocrx_word' id='word_1_138' title='bbox 393 2532 425 2591; x_wconf 90' lang='lat' dir='ltr'><strong>in</strong></span> <span class='ocrx_word' id='word_1_139' title='bbox 450 2528 570 2613; x_wconf 87' lang='lat' dir='ltr'><strong>populis</strong></span> <span class='ocrx_word' id='word_1_140' title='bbox 592 2527 826 2592; x_wconf 82' lang='lat' dir='ltr'><strong>adinventiones</strong></span> <span class='ocrx_word' id='word_1_141' title='bbox 847 2532 938 2615; x_wconf 78' lang='lat' dir='ltr'><strong>ejus:</strong></span> <span class='ocrx_word' id='word_1_142' title='bbox 964 2529 986 2560; x_wconf 80' lang='lat'><strong>*&#39;</strong></span> <span class='ocrx_word' id='word_1_143' title='bbox 1006 2552 1072 2593; x_wconf 89' lang='lat' dir='ltr'><strong>me·</strong></span> 
     </span>
     <span class='ocr_line' id='line_1_21' title="bbox 120 2611 887 2697; baseline 0 -25"><span class='ocrx_word' id='word_1_144' title='bbox 120 2625 262 2685; x_wconf 76' lang='lat' dir='ltr'><strong>mentote</strong></span> <span class='ocrx_word' id='word_1_145' title='bbox 288 2613 430 2695; x_wconf 81' lang='lat' dir='ltr'><strong>qnoniam</strong></span> <span class='ocrx_word' id='word_1_146' title='bbox 455 2611 606 2673; x_wconf 79' lang='lat' dir='ltr'><strong>excelsum</strong></span> <span class='ocrx_word' id='word_1_147' title='bbox 627 2624 673 2674; x_wconf 86' lang='lat' dir='ltr'><strong>est</strong></span> <span class='ocrx_word' id='word_1_148' title='bbox 690 2632 802 2673; x_wconf 88' lang='lat' dir='ltr'><strong>nomen</strong></span> <span class='ocrx_word' id='word_1_149' title='bbox 819 2615 887 2697; x_wconf 86' lang='lat' dir='ltr'><strong>ejus</strong></span> 
     </span>
    </p>

    <p class='ocr_par' dir='ltr' id='par_1_12' title="bbox 122 2692 1074 2846">
     <span class='ocr_line' id='line_1_22' title="bbox 167 2692 1074 2777; baseline 0.001 -21"><span class='ocrx_word' id='word_1_150' title='bbox 167 2699 296 2756; x_wconf 74' lang='lat' dir='ltr'><strong>fontale</strong></span> <span class='ocrx_word' id='word_1_151' title='bbox 321 2696 462 2756; x_wconf 84' lang='lat' dir='ltr'><strong>&#39;Domine</strong></span> <span class='ocrx_word' id='word_1_152' title='bbox 489 2695 632 2777; x_wconf 86' lang='lat' dir='ltr'><strong>qnoniam</strong></span> <span class='ocrx_word' id='word_1_153' title='bbox 649 2692 822 2777; x_wconf 74' lang='lat' dir='ltr'><strong>magnifice</strong></span> <span class='ocrx_word' id='word_1_154' title='bbox 844 2694 934 2773; x_wconf 80' lang='lat' dir='ltr'><strong>lecil;</strong></span> <span class='ocrx_word' id='word_1_155' title='bbox 971 2692 987 2723; x_wconf 78' lang='lat'><strong>*</strong></span> <span class='ocrx_word' id='word_1_156' title='bbox 1022 2717 1074 2757; x_wconf 84' lang='lat' dir='ltr'><strong>an·</strong></span> 
     </span>
     <span class='ocr_line' id='line_1_23' title="bbox 122 2776 679 2846; baseline 0.002 -8"><span class='ocrx_word' id='word_1_157' title='bbox 122 2776 267 2846; x_wconf 78' lang='lat' dir='ltr'><strong>nuntiate</strong></span> <span class='ocrx_word' id='word_1_158' title='bbox 289 2778 347 2839; x_wconf 87' lang='lat' dir='ltr'><strong>boc</strong></span> <span class='ocrx_word' id='word_1_159' title='bbox 372 2780 404 2837; x_wconf 90' lang='lat' dir='ltr'><strong>in</strong></span> <span class='ocrx_word' id='word_1_160' title='bbox 432 2776 574 2838; x_wconf 68' lang='lat' dir='ltr'><strong>universi</strong></span> <span class='ocrx_word' id='word_1_161' title='bbox 590 2776 679 2839; x_wconf 67' lang='lat' dir='ltr'><strong>terri.</strong></span> 
     </span>
    </p>

    <p class='ocr_par' dir='ltr' id='par_1_13' title="bbox 121 2856 1071 3011">
     <span class='ocr_line' id='line_1_24' title="bbox 166 2856 1071 2945; baseline 0 -24"><span class='ocrx_word' id='word_1_162' title='bbox 166 2858 275 2921; x_wconf 82' lang='lat' dir='ltr'><strong>Exulta</strong></span> <span class='ocrx_word' id='word_1_163' title='bbox 297 2873 328 2922; x_wconf 88' lang='lat' dir='ltr'><strong>et</strong></span> <span class='ocrx_word' id='word_1_164' title='bbox 352 2857 478 2935; x_wconf 58' lang='lat' dir='ltr'><strong>lauda„</strong></span> <span class='ocrx_word' id='word_1_165' title='bbox 496 2858 645 2920; x_wconf 80' lang='lat' dir='ltr'><strong>habitatio</strong></span> <span class='ocrx_word' id='word_1_166' title='bbox 671 2859 761 2923; x_wconf 90' lang='lat' dir='ltr'><strong>Sion:</strong></span> <span class='ocrx_word' id='word_1_167' title='bbox 798 2856 814 2889; x_wconf 86' lang='lat'><strong>*</strong></span> <span class='ocrx_word' id='word_1_168' title='bbox 840 2860 913 2944; x_wconf 80' lang='lat' dir='ltr'><strong>quie</strong></span> <span class='ocrx_word' id='word_1_169' title='bbox 943 2880 1071 2945; x_wconf 75' lang='lat' dir='ltr'><strong>magnus</strong></span> 
     </span>
     <span class='ocr_line' id='line_1_25' title="bbox 121 2942 699 3011; baseline 0.009 -10"><span class='ocrx_word' id='word_1_170' title='bbox 121 2951 157 3011; x_wconf 81' lang='lat' dir='ltr'><strong>in</strong></span> <span class='ocrx_word' id='word_1_171' title='bbox 182 2943 282 3004; x_wconf 88' lang='lat' dir='ltr'><strong>medio</strong></span> <span class='ocrx_word' id='word_1_172' title='bbox 306 2942 353 3003; x_wconf 84' lang='lat' dir='ltr'><strong>tui</strong></span> <span class='ocrx_word' id='word_1_173' title='bbox 380 2942 509 3005; x_wconf 81' lang='lat' dir='ltr'><strong>Sanctus</strong></span> <span class='ocrx_word' id='word_1_174' title='bbox 524 2943 629 3005; x_wconf 72' lang='lat' dir='ltr'><strong>lsrail.</strong></span> <span class='ocrx_word' id='word_1_175' title='bbox 695 2984 699 2989; x_wconf 78' lang='lat'><em>,</em></span> 
     </span>
    </p>

    <p class='ocr_par' dir='ltr' id='par_1_14' title="bbox 168 3024 386 3086">
     <span class='ocr_line' id='line_1_26' title="bbox 168 3024 386 3086; baseline 0.005 -1"><span class='ocrx_word' id='word_1_176' title='bbox 168 3024 270 3086; x_wconf 80' lang='lat' dir='ltr'><strong>Gloria</strong></span> <span class='ocrx_word' id='word_1_177' title='bbox 292 3026 386 3086; x_wconf 81' lang='lat' dir='ltr'><strong>Patri.</strong></span> 
     </span>
    </p>
   </div>
   <div class='ocr_carea' id='block_1_8' title="bbox 121 3120 1072 3321">
    <p class='ocr_par' dir='ltr' id='par_1_15' title="bbox 121 3120 1072 3321">
     <span class='ocr_line' id='line_1_27' title="bbox 166 3120 1072 3241; baseline 0.004 -21"><span class='ocrx_word' id='word_1_178' title='bbox 166 3157 249 3220; x_wconf 83' lang='lat' dir='ltr'><strong>Ant.</strong></span> <span class='ocrx_word' id='word_1_179' title='bbox 273 3157 342 3240; x_wconf 82' lang='lat' dir='ltr'><strong>Ego</strong></span> <span class='ocrx_word' id='word_1_180' title='bbox 367 3159 399 3218; x_wconf 94' lang='lat' dir='ltr'><strong>in</strong></span> <span class='ocrx_word' id='word_1_181' title='bbox 420 3120 553 3220; x_wconf 90' lang='lat' dir='ltr'><strong>Domino</strong></span> <span class='ocrx_word' id='word_1_182' title='bbox 574 3157 716 3241; x_wconf 82' lang='lat' dir='ltr'><strong>gaudebo</strong></span> <span class='ocrx_word' id='word_1_183' title='bbox 741 3168 772 3219; x_wconf 88' lang='lat' dir='ltr'><strong>et</strong></span> <span class='ocrx_word' id='word_1_184' title='bbox 785 3156 930 3223; x_wconf 81' lang='lat' dir='ltr'><strong>&#39;exultabo</strong></span> <span class='ocrx_word' id='word_1_185' title='bbox 953 3161 983 3220; x_wconf 91' lang='lat' dir='ltr'><strong>in</strong></span> <span class='ocrx_word' id='word_1_186' title='bbox 1004 3158 1072 3223; x_wconf 80' lang='lat' dir='ltr'><strong>Deo</strong></span> 
     </span>
     <span class='ocr_line' id='line_1_28' title="bbox 121 3238 713 3321; baseline 0.002 -17"><span class='ocrx_word' id='word_1_187' title='bbox 121 3248 200 3311; x_wconf 83' lang='lat' dir='ltr'><strong>Jesu</strong></span> <span class='ocrx_word' id='word_1_188' title='bbox 234 3259 313 3319; x_wconf 84' lang='lat' dir='ltr'><strong>meo.</strong></span> <span class='ocrx_word' id='word_1_189' title='bbox 344 3240 467 3303; x_wconf 74' lang='lat' dir='ltr'><strong>Hebae.</strong></span> <span class='ocrx_word' id='word_1_190' title='bbox 501 3239 533 3303; x_wconf 70' lang='grc' dir='ltr'><strong>ὅ.</strong></span> <span class='ocrx_word' id='word_1_191' title='bbox 569 3238 616 3307; x_wconf 86' lang='grc' dir='ltr'><strong>ι8.</strong></span> <span class='ocrx_word' id='word_1_192' title='bbox 710 3312 713 3321; x_wconf 51' lang='grc'><strong><em>,</em></strong></span> 
     </span>
    </p>
   </div>
   <div class='ocr_carea' id='block_1_9' title="bbox 127 3336 1073 3620">
    <p class='ocr_par' dir='ltr' id='par_1_16' title="bbox 127 3336 1073 3620">
     <span class='ocr_line' id='line_1_29' title="bbox 167 3336 1072 3459; baseline -0.004 -21"><span class='ocrx_word' id='word_1_193' title='bbox 167 3372 247 3438; x_wconf 80' lang='lat' dir='ltr'><strong>Ant.</strong></span> <span class='ocrx_word' id='word_1_194' title='bbox 281 3394 307 3436; x_wconf 86' lang='lat'><strong>1.</strong></span> <span class='ocrx_word' id='word_1_195' title='bbox 330 3394 362 3456; x_wconf 81' lang='lat' dir='ltr'><strong>g.</strong></span> <span class='ocrx_word' id='word_1_196' title='bbox 389 3373 501 3436; x_wconf 87' lang='lat' dir='ltr'><strong>Inveni</strong></span> <span class='ocrx_word' id='word_1_197' title='bbox 521 3394 613 3458; x_wconf 87' lang='lat' dir='ltr'><strong>quem</strong></span> <span class='ocrx_word' id='word_1_198' title='bbox 636 3336 855 3459; x_wconf 39' lang='lat' dir='ltr'><strong>diligit&#39;anima</strong></span> <span class='ocrx_word' id='word_1_199' title='bbox 875 3356 960 3438; x_wconf 73' lang='lat' dir='ltr'><strong>meae</strong></span> <span class='ocrx_word' id='word_1_200' title='bbox 985 3341 1072 3437; x_wconf 83' lang='lat' dir='ltr'><strong>tenui</strong></span> 
     </span>
     <span class='ocr_line' id='line_1_30' title="bbox 127 3454 1073 3545; baseline 0.002 -28"><span class='ocrx_word' id='word_1_201' title='bbox 127 3476 197 3517; x_wconf 87' lang='lat' dir='ltr'><strong>eum</strong></span> <span class='ocrx_word' id='word_1_202' title='bbox 219 3477 276 3521; x_wconf 83' lang='lat' dir='ltr'><strong>nec</strong></span> <span class='ocrx_word' id='word_1_203' title='bbox 299 3454 464 3533; x_wconf 68' lang='lat' dir='ltr'><strong>dimittam</strong></span> <span class='ocrx_word' id='word_1_204' title='bbox 478 3459 584 3542; x_wconf 33' lang='lat' dir='ltr'><strong>‘anina</strong></span> <span class='ocrx_word' id='word_1_205' title='bbox 598 3478 677 3533; x_wconf 77' lang='lat' dir='ltr'><strong>mea</strong></span> <span class='ocrx_word' id='word_1_206' title='bbox 701 3458 864 3545; x_wconf 72' lang='lat' dir='ltr'><strong>liquefacta</strong></span> <span class='ocrx_word' id='word_1_207' title='bbox 886 3468 953 3537; x_wconf 79' lang='lat' dir='ltr'><strong>est,</strong></span> <span class='ocrx_word' id='word_1_208' title='bbox 973 3466 1009 3522; x_wconf 81' lang='lat' dir='ltr'><strong>nt</strong></span> <span class='ocrx_word' id='word_1_209' title='bbox 1026 3456 1073 3519; x_wconf 89' lang='lat' dir='ltr'><strong>lo·</strong></span> 
     </span>
     <span class='ocr_line' id='line_1_31' title="bbox 127 3540 520 3620; baseline 0.01 -19"><span class='ocrx_word' id='word_1_210' title='bbox 127 3546 217 3601; x_wconf 82' lang='lat' dir='ltr'><strong>cutus</strong></span> <span class='ocrx_word' id='word_1_211' title='bbox 236 3554 290 3605; x_wconf 81' lang='lat' dir='ltr'><strong>est.</strong></span> <span class='ocrx_word' id='word_1_212' title='bbox 316 3540 410 3605; x_wconf 81' lang='lat' dir='ltr'><strong>Cant.</strong></span> <span class='ocrx_word' id='word_1_213' title='bbox 435 3541 465 3604; x_wconf 83' lang='lat'><strong>3.</strong></span> <span class='ocrx_word' id='word_1_214' title='bbox 487 3541 520 3620; x_wconf 81' lang='grc'><strong>4.</strong></span> 
     </span>
    </p>
   </div>
   <div class='ocr_carea' id='block_1_10' title="bbox 0 0 1254 4234">
    <p class='ocr_par' dir='ltr' id='par_1_17' title="bbox 0 0 1254 4234">
     <span class='ocr_line' id='line_1_32' title="bbox 0 0 1254 4234; baseline 0 0"><span class='ocrx_word' id='word_1_215' title='bbox 0 0 1254 4234; x_wconf 95' lang='lat' dir='ltr'><strong> </strong></span> 
     </span>
    </p>
   </div>
  </div>
 </body>
</html>
